%% Saved with string encoding Unicode (UTF-8) 

