%% Saved with string encoding Unicode (UTF-8) 

@book{SSS,
 author = {Shalev-Shwartz, Shai and Ben-David, Shai},
 title = {Understanding Machine Learning: From Theory to Algorithms},
 year = {2014},
 isbn = {1107057132, 9781107057135},
 publisher = {Cambridge University Press},
 address = {New York, NY, USA},
} 
@article{chen-shah,
url = {http://dx.doi.org/10.1561/2200000064},
year = {2018},
volume = {10},
journal = {Foundations and TrendsÂ® in Machine Learning},
title = {Explaining the Success of Nearest Neighbor Methods in Prediction},
doi = {10.1561/2200000064},
issn = {1935-8237},
number = {5-6},
pages = {337-588},
author = {George H. Chen and Devavrat Shah}
}

@article{belkin2019reconciling,
  title={Reconciling modern machine-learning practice and the classical bias--variance trade-off},
  author={Belkin, Mikhail and Hsu, Daniel and Ma, Siyuan and Mandal, Soumik},
  journal={Proceedings of the National Academy of Sciences},
  volume={116},
  number={32},
  pages={15849--15854},
  year={2019},
  publisher={National Acad Sciences}
}

@article{cover1967nearest,
  title={Nearest neighbor pattern classification},
  author={Cover, Thomas and Hart, Peter},
  journal={IEEE transactions on information theory},
  volume={13},
  number={1},
  pages={21--27},
  year={1967},
  publisher={IEEE}
}