%% Saved with string encoding Unicode (UTF-8) 

@book{SSS,
 author = {Shalev-Shwartz, Shai and Ben-David, Shai},
 title = {Understanding Machine Learning: From Theory to Algorithms},
 year = {2014},
 isbn = {1107057132, 9781107057135},
 publisher = {Cambridge University Press},
 address = {New York, NY, USA},
} 