%% Saved with string encoding Unicode (UTF-8) 

@ARTICLE{top10,
	author = {Sullivan, Francis and Dongarra, Jack},
	journal = {Computing in Science \& Engineering},
	title = {{Guest Editors' Introduction: The Top 10 Algorithms}},
	year={2000},
	volume={2},
	number={1},
	pages={22-23},
	doi={10.1109/MCISE.2000.814652},
	ISSN={1521-9615},
	month={Jan}
}

@article{Novembre2008,
	author = {Novembre, John and Johnson, Toby and Bryc, Katarzyna and Kutalik, Zolt{\'{a}}n and Boyko, Adam R and Auton, Adam and Indap, Amit and King, Karen S and Bergmann, Sven and Nelson, Matthew R and Stephens, Matthew and Bustamante, Carlos D},
	journal = {Nature},
	month = {Aug},
	pages = {98},
	publisher = {Macmillan Publishers Limited. All rights reserved},
	title = {{Genes mirror geography within Europe}},
	doi={10.1038/nature07331},
	volume = {456},
	year = {2008}
}


@article{Cox1946,
	author = {Cox,R. T. },
	title = {{Probability, Frequency and Reasonable Expectation}},
	journal = {American Journal of Physics},
	volume = {14},
	number = {1},
	pages = {1-13},
	year = {1946},
	doi = {10.1119/1.1990764}
}

@book{Savage2012,
	title={{The Foundations of Statistics}},
	author={Savage, Leonard J.},
	isbn={9780486137100},
	series={Dover Books on Mathematics},
	year={2012},
	publisher={Dover Publications}
}

@book{de2017,
	title={{Theory of Probability: A Critical Introductory Treatment}},
	author={de Finetti, Bruno},
	isbn={9781119286370},
	lccn={2016031568},
	series={Wiley Series in Probability and Statistics},
	year={2017},
	publisher={Wiley}
}


