%% Saved with string encoding Unicode (UTF-8) 

@book{SSS,
 author = {Shalev-Shwartz, Shai and Ben-David, Shai},
 title = {Understanding Machine Learning: From Theory to Algorithms},
 year = {2014},
 isbn = {1107057132, 9781107057135},
 publisher = {Cambridge University Press},
 address = {New York, NY, USA},
} 

@article{pearson1903laws,
  title={On the laws of inheritance in man: I. Inheritance of physical characters},
  author={Pearson, Karl and Lee, Alice},
  journal={Biometrika},
  volume={2},
  number={4},
  pages={357--462},
  year={1903},
  publisher={JSTOR}
}