%% Saved with string encoding Unicode (UTF-8) 

@incollection{Crowdsourcing,
title = {Variational Inference for Crowdsourcing},
author = {Liu, Qiang and Peng, Jian and Ihler, Alexander T},
booktitle = {Advances in Neural Information Processing Systems 25},
editor = {F. Pereira and C. J. C. Burges and L. Bottou and K. Q. Weinberger},
pages = {692--700},
year = {2012},
publisher = {Curran Associates, Inc.},
url = {http://papers.nips.cc/paper/4627-variational-inference-for-crowdsourcing.pdf}
}

@inproceedings{wind,
 author = {Kapoor, Ashish and Horvitz, Zachary and Laube, Spencer and Horvitz, Eric},
 title = {Airplanes Aloft As a Sensor Network for Wind Forecasting},
 booktitle = {Proceedings of the 13th International Symposium on Information Processing in Sensor Networks},
 series = {IPSN '14},
 year = {2014},
 isbn = {978-1-4799-3146-0},
 location = {Berlin, Germany},
 pages = {25--34},
 numpages = {10},
 url = {http://dl.acm.org/citation.cfm?id=2602339.2602343},
 acmid = {2602343},
 publisher = {IEEE Press},
 address = {Piscataway, NJ, USA},
 keywords = {gaussian process, machine learning, winds aloft},
} 

@ARTICLE{alpha, 
author={Y. {Boykov} and O. {Veksler} and R. {Zabih}}, 
journal={IEEE Transactions on Pattern Analysis and Machine Intelligence}, 
title={Fast approximate energy minimization via graph cuts}, 
year={2001}, 
volume={23}, 
number={11}, 
pages={1222-1239}, 
keywords={computer vision;image restoration;minimisation;computational complexity;simulated annealing;fast approximate energy minimization;graph cuts;computer vision;common constraint;sharp discontinuities;object boundaries;energy minimization;smoothness constraints;global minimization;NP-hard;discontinuity-preserving case;approximation algorithms;local minimum;expansion moves;swap moves;arbitrarily large sets;standard algorithms;simulated annealing;expansion algorithm;global minimum;swap algorithm;general energy functions;discontinuity preserving energies;image restoration;ground truth;early vision;graph algorithms;minimum cut;maximum flow;Markov Random fields;Labeling;Image restoration;Stereo vision;Minimization methods;Markov random fields;Energy measurement;Computer vision;Approximation algorithms;Simulated annealing;Motion estimation}, 
doi={10.1109/34.969114}, 
ISSN={1939-3539}, 
month={Nov},}

@INPROCEEDINGS{tappen, 
author={ {Tappen} and {Freeman}}, 
booktitle={Proceedings Ninth IEEE International Conference on Computer Vision}, 
title={Comparison of graph cuts with belief propagation for stereo, using identical MRF parameters}, 
year={2003}, 
volume={}, 
number={}, 
pages={900-906 vol.2}, 
keywords={computer vision;stereo image processing;graph theory;Markov processes;random processes;belief networks;inference mechanisms;graph cuts;belief propagation;identical MRF parameters;disparity image modelling;Markov Random Field;inference algorithm;controlled experiments;stereo disparities;computational vision;Belief propagation;Inference algorithms;Stereo vision;Markov random fields;Computer vision;Pixel;Labeling;Testing;Computational efficiency;Costs}, 
doi={10.1109/ICCV.2003.1238444}, 
ISSN={null}, 
month={Oct},}

@misc{CrowdsourcingSlides,
  Author = {Liu, Qiang and Peng, Jian and Ihler, Alexander T},
  Howpublished = {Presented in NIPS 2012},
  Year = {2012},
  Title = {A Graphical Model Approach for Crowdsourcing (Slides)},
  url = {https://www.cs.utexas.edu/~lqiang/PDF/crowdsrc_aiml.pdf},
}
