%% Saved with string encoding Unicode (UTF-8) 

@online{ermon,
  title={Sampling Methods},
  author={Kuleshov, Volodymyr and Ermon, Stefano},
  howpublished="\url{https://ermongroup.github.io/cs228-notes/inference/sampling/}",
  year={2018}
}
